<collection>
<record>
<leader>05337cpcaa22007817i 4500</leader>
<controlfield tag="001">21207597</controlfield>
<controlfield tag="005">20230803134756.0</controlfield>
<controlfield tag="007">sw |||a|||||||</controlfield>
<controlfield tag="007">ss |||||||||||</controlfield>
<controlfield tag="007">st |||||||||||</controlfield>
<controlfield tag="008">190916i19441985ht hat </controlfield>
<datafield ind1=" " ind2=" " tag="906">
<subfield code="a">7</subfield>
<subfield code="b">cbc</subfield>
<subfield code="c">orignew</subfield>
<subfield code="d">u</subfield>
<subfield code="e">ncip</subfield>
<subfield code="f">20</subfield>
<subfield code="g">y-folklife</subfield>
</datafield>
<datafield ind1=" " ind2=" " tag="955">
<subfield code="a">kere 2019-09-16</subfield>
<subfield code="a">mseg 2021-10-25</subfield>
<subfield code="a">mseg 2021-10-26</subfield>
<subfield code="a">mseg 2021-11-18</subfield>
<subfield code="a">masmit 2022-01-28</subfield>
<subfield code="a">masmit 2022-03-14</subfield>
<subfield code="a">masmit 2022-05-23</subfield>
<subfield code="a">masmit 2022-06-28</subfield>
<subfield code="a">masmit 2022-07-05</subfield>
<subfield code="a">mseg 2023-08-03</subfield>
</datafield>
<datafield ind1=" " ind2=" " tag="010">
<subfield code="a"> 2019655314</subfield>
</datafield>
<datafield ind1=" " ind2=" " tag="040">
<subfield code="a">DLC</subfield>
<subfield code="b">eng</subfield>
<subfield code="e">dacs</subfield>
<subfield code="c">DLC</subfield>
<subfield code="d">DLC</subfield>
<subfield code="d">DLC</subfield>
</datafield>
<datafield ind1="1" ind2=" " tag="041">
<subfield code="d">hat</subfield>
<subfield code="d">fre</subfield>
<subfield code="d">eng</subfield>
<subfield code="k">eng</subfield>
</datafield>
<datafield ind1=" " ind2=" " tag="043">
<subfield code="a">nwht----</subfield>
</datafield>
<datafield ind1=" " ind2=" " tag="090">
<subfield code="a">
RAA 66287 (10 in. sound tape reel); RXK 3578-3584, RXK 4059-4064 (5 in., 7 in. sound tape reels); RYE 8034, RYF 1129, RYF 8606, RYH 8997, RYL 4397, RYL 4476, RYL 9619, RYM 1072, RYN 9461, RYR 3920-3927 (sound cassettes); WIRE 01063-01112 (wire spool reels)
</subfield>
</datafield>
<datafield ind1=" " ind2=" " tag="090">
<subfield code="a">VAS 7704 (Hi8)</subfield>
</datafield>
<datafield ind1=" " ind2=" " tag="090">
<subfield code="a">AFC 2019/041</subfield>
</datafield>
<datafield ind1="0" ind2="0" tag="245">
<subfield code="a">
Vodou religious expression in Haiti collected by Odette Mennesson Rigaud, Milo Rigaud, and Shirley Keller,
</subfield>
<subfield code="f">1944-1985.</subfield>
</datafield>
<datafield ind1="3" ind2=" " tag="246">
<subfield code="a">Milo and Odette Rigaud Haiti recordings</subfield>
</datafield>
<datafield ind1=" " ind2="0" tag="264">
<subfield code="c">1944-1985.</subfield>
</datafield>
<datafield ind1=" " ind2=" " tag="300">
<subfield code="a">104</subfield>
<subfield code="f">items</subfield>
</datafield>
<datafield ind1=" " ind2=" " tag="300">
<subfield code="3">manuscripts</subfield>
<subfield code="a">1</subfield>
<subfield code="f">folder (</subfield>
<subfield code="a">21</subfield>
<subfield code="f">sheets)</subfield>
</datafield>
<datafield ind1=" " ind2=" " tag="300">
<subfield code="3">sound recordings</subfield>
<subfield code="a">1 sound tape reel :</subfield>
<subfield code="b">analog ;</subfield>
<subfield code="c">10 in.</subfield>
</datafield>
<datafield ind1=" " ind2=" " tag="300">
<subfield code="3">sound recordings</subfield>
<subfield code="a">11 sound tape reels :</subfield>
<subfield code="b">analog ;</subfield>
<subfield code="c">7 in.</subfield>
</datafield>
<datafield ind1=" " ind2=" " tag="300">
<subfield code="3">sound recordings</subfield>
<subfield code="a">1 sound tape reel :</subfield>
<subfield code="b">analog ;</subfield>
<subfield code="c">5 in.</subfield>
</datafield>
<datafield ind1=" " ind2=" " tag="300">
<subfield code="3">sound recordings</subfield>
<subfield code="a">50 sound wire reels :</subfield>
<subfield code="b">analog ;</subfield>
<subfield code="c">3 in.</subfield>
</datafield>
<datafield ind1=" " ind2=" " tag="300">
<subfield code="3">sound recordings</subfield>
<subfield code="a">17 audiocassettes :</subfield>
<subfield code="b">analog</subfield>
</datafield>
<datafield ind1=" " ind2=" " tag="300">
<subfield code="3">moving images</subfield>
<subfield code="a">1 videocassette (Hi-8) :</subfield>
<subfield code="b">sound, color</subfield>
</datafield>
<datafield ind1=" " ind2=" " tag="300">
<subfield code="3">moving images</subfield>
<subfield code="a">1 video file :</subfield>
<subfield code="b">digital, sound, color, VOB file</subfield>
</datafield>
<datafield ind1=" " ind2=" " tag="300">
<subfield code="3">electronic media</subfield>
<subfield code="a">1 videodisc (DVD) :</subfield>
<subfield code="b">digital, sound, color</subfield>
</datafield>
<datafield ind1=" " ind2=" " tag="520">
<subfield code="a">
The collection includes audio documentation of religious expression in Haiti, circa 1940s-1950s, as well as an audio interview with Shirley Keller about her work on the book "The Magic Orange Tree" and a video of a presentation she gave with Angus Gillespie on vodou traditions. The wires appear to be the source recordings for the 1953 Rigaud book 'La tradition voudoo et le voudoo haïtien : (son temple, ses mystères, sa magie)'. Most of the sound tape recordings are compiled dubs of wire recordings.
</subfield>
</datafield>
<datafield ind1="8" ind2=" " tag="524">
<subfield code="a">
Vodou religious expression in Haiti collected by Odette Mennesson Rigaud, Milo Rigaud, and Shirley Keller (AFC 2019/041), American Folklife Center, Library of Congress, Washington, D.C.
</subfield>
</datafield>
<datafield ind1="0" ind2=" " tag="506">
<subfield code="a">
Collection is open for research. To request materials, please contact the Folklife Reading Room at
</subfield>
<subfield code="u">http://hdl.loc.gov/loc.afc/folklife.contact</subfield>
</datafield>
<datafield ind1=" " ind2=" " tag="540">
<subfield code="a">
Duplication of collection materials may be governed by copyright and other restrictions.
</subfield>
</datafield>
<datafield ind1=" " ind2=" " tag="541">
<subfield code="a">Scott Keller;</subfield>
<subfield code="c">Donation;</subfield>
<subfield code="d">2019.</subfield>
</datafield>
<datafield ind1=" " ind2=" " tag="545">
<subfield code="a">
Odette Mennesson-Rigaud (1907-1990) was born in France and became a Haitian citizen following her marriage to Milo Rigaud (in New York City, on January 10, 1935). She became an ethnographer of Vodou, and was a noted photographer in her own right.
</subfield>
</datafield>
<datafield ind1=" " ind2=" " tag="545">
<subfield code="a">
Milo Rigaud (1904-1981) was born in Port au Prince, Haiti, where he spent the greater part of his life studying Vodou traditions. In Haiti he also studied law, and in France ethnology, psychology, and theology. The involvement of Vodou in the political struggle of Haitian Blacks for independence was one of his main concerns.
</subfield>
</datafield>
<datafield ind1=" " ind2=" " tag="545">
<subfield code="a">
Shirley Keller (-2017) of New Jersey was a white folk singer and musician who played guitar, Appalachian dulcimer, auto harp, and banjo. In the 1980s and 1990s, Keller hosted a weekly radio program on WFDU FM Radio and later a cable television show in New Jersey and New York called "The Folk People." She interviewed guest folk musicians and artists, who also performed in the studio.
</subfield>
</datafield>
<datafield ind1=" " ind2=" " tag="546">
<subfield code="a">In French, Haitian French Creole, and English.</subfield>
</datafield>
<datafield ind1="0" ind2=" " tag="555">
<subfield code="a">Finding aid is available online</subfield>
<subfield code="u">https://hdl.loc.gov/loc.afc/eadafc.af022001</subfield>
</datafield>
<datafield ind1=" " ind2=" " tag="581">
<subfield code="3">Wire recordings</subfield>
<subfield code="a">
Rigaud, Milo. La tradition voudoo et le voudoo haïtien : son temple, ses mystères, sa magie. Paris : Éditions Niclaus, 1953.
</subfield>
</datafield>
<datafield ind1="1" ind2="0" tag="600">
<subfield code="a">Mennesson-Rigaud, Odette</subfield>
<subfield code="v">Interviews.</subfield>
</datafield>
<datafield ind1="1" ind2="0" tag="600">
<subfield code="a">Keller, Shirley</subfield>
<subfield code="c">(Guitarist)</subfield>
<subfield code="v">Interviews.</subfield>
</datafield>
<datafield ind1="1" ind2="0" tag="600">
<subfield code="a">Gaither, Edmund B.</subfield>
<subfield code="v">Interviews.</subfield>
</datafield>
<datafield ind1="1" ind2="0" tag="600">
<subfield code="a">Robinson, Rudy,</subfield>
<subfield code="d">1937-1987</subfield>
<subfield code="v">Interviews.</subfield>
</datafield>
<datafield ind1="1" ind2="0" tag="600">
<subfield code="a">Gillespie, Angus K.,</subfield>
<subfield code="d">1942-</subfield>
</datafield>
<datafield ind1=" " ind2="0" tag="650">
<subfield code="a">Vodou</subfield>
<subfield code="z">Haiti.</subfield>
</datafield>
<datafield ind1=" " ind2="0" tag="650">
<subfield code="a">Vodou music</subfield>
<subfield code="z">Haiti.</subfield>
</datafield>
<datafield ind1=" " ind2="0" tag="650">
<subfield code="a">Vodou</subfield>
<subfield code="x">Rituals</subfield>
<subfield code="z">Haiti.</subfield>
</datafield>
<datafield ind1=" " ind2="0" tag="650">
<subfield code="a">Drum music</subfield>
<subfield code="z">Haiti.</subfield>
</datafield>
<datafield ind1=" " ind2="0" tag="650">
<subfield code="a">Folklore</subfield>
<subfield code="z">Haiti.</subfield>
</datafield>
<datafield ind1=" " ind2="0" tag="650">
<subfield code="a">Percussion music</subfield>
<subfield code="z">Haiti.</subfield>
</datafield>
<datafield ind1=" " ind2="0" tag="651">
<subfield code="a">Haiti</subfield>
<subfield code="x">Religion.</subfield>
</datafield>
<datafield ind1=" " ind2="0" tag="651">
<subfield code="a">Haiti</subfield>
<subfield code="x">Religious life and customs.</subfield>
</datafield>
<datafield ind1=" " ind2="7" tag="655">
<subfield code="a">Sound recordings.</subfield>
<subfield code="2">lcgft</subfield>
</datafield>
<datafield ind1=" " ind2="7" tag="655">
<subfield code="a">Correspondence.</subfield>
<subfield code="2">aat</subfield>
</datafield>
<datafield ind1=" " ind2="7" tag="655">
<subfield code="a">Video recordings.</subfield>
<subfield code="2">lcgft</subfield>
</datafield>
<datafield ind1=" " ind2="7" tag="655">
<subfield code="a">Interviews.</subfield>
<subfield code="2">lcgft</subfield>
</datafield>
<datafield ind1="1" ind2=" " tag="700">
<subfield code="a">Keller, Shirley</subfield>
<subfield code="c">(Guitarist),</subfield>
<subfield code="e">collector.</subfield>
</datafield>
<datafield ind1="1" ind2=" " tag="700">
<subfield code="a">Mennesson-Rigaud, Odette,</subfield>
<subfield code="e">collector.</subfield>
</datafield>
<datafield ind1="1" ind2=" " tag="700">
<subfield code="a">Rigaud, Milo,</subfield>
<subfield code="d">1904-1981,</subfield>
<subfield code="e">collector.</subfield>
</datafield>
<datafield ind1=" " ind2=" " tag="852">
<subfield code="a">Library of Congress</subfield>
<subfield code="b">American Folklife Center,</subfield>
<subfield code="e">
101 Independence Ave. S.E., Washington, DC USA 20540-4610
</subfield>
<subfield code="u">http://hdl.loc.gov/loc.afc/folklife.home</subfield>
</datafield>
<datafield ind1="4" ind2="2" tag="856">
<subfield code="3">Finding aid</subfield>
<subfield code="u">https://hdl.loc.gov/loc.afc/eadafc.af022001</subfield>
</datafield>
<datafield ind1=" " ind2=" " tag="985">
<subfield code="a">afc/coll</subfield>
</datafield>
<datafield ind1=" " ind2=" " tag="985">
<subfield code="a">afc/ead</subfield>
</datafield>
</record>
</collection>